01,021000021,H0553378,141119,0530,1100,,,2/                                     
02,H0553378,021000021,1,141118,0530,,2/                                         
03,409348518,USD,010,275727931,,,015,272441997,,,045,272338451,,/               
88,040,272428587,,,072,90136,,,074,33410,,,100,111368,1,,400,3397302,2,/        
88,043,197282255,,,050,210021976,,,055,244105728,,,063,123546,,,073,20000,,/    
88,075,0,,,170,111368,1,,470,6602,1,,490,3390700,1,/                            
49,1751631357,5/                                                                
03,409348526,USD,010,415658742,,,015,422343579,,,045,417265979,,/               
88,040,422343579,,,072,5077600,,,074,6900,,,100,14639228,3,,400,7954391,3,/     
88,043,332452046,,,050,362728075,,,055,385942253,,,063,5084500,,,073,6900,,/    
88,075,0,,,110,115290,1,,140,14523938,2,,470,7954391,3,/                        
49,2814097391,5/                                                                
03,409348534,USD,010,214146030,,,015,224705117,,,045,217156517,,/               
88,040,220380117,,,072,3223600,,,074,4345000,,,100,10746067,2,,400,186980,4,/   
88,043,310143302,,,050,349080679,,,055,329923987,,,063,7568600,,,073,20000,,/   
88,075,0,,,110,8083380,1,,140,2662687,1,,470,186980,4,/                         
49,1902559043,5/                                                                
03,409348542,USD,010,18429410,,,015,18429410,,,045,18429410,,,040,18429410,,/   
88,072,0,,,074,0,,,100,0,0,,400,0,0,,043,7185477,,,050,12223973,,/              
88,055,7322699,,,063,0,,,073,0,,,075,0,,/                                       
49,100449789,4/                                                                 
03,409348559,USD,010,17990612,,,015,17990612,,,045,17990612,,,040,17990612,,/   
88,072,0,,,074,0,,,100,0,0,,400,0,0,,043,25133267,,,050,22889369,,/             
88,055,21725265,,,063,0,,,073,0,,,075,0,,/                                      
49,141710349,4/                                                                 
03,409348617,USD,010,0,,,015,0,,,045,0,,,040,0,,,072,0,,,074,0,,,100,0,0,/      
88,400,0,0,,043,0,,,050,0,,,055,0,,,063,0,,,073,0,,,075,0,,/                    
49,0,3/                                                                         
03,428184860,USD,010,0,,,015,0,,,045,0,,,040,0,,,072,0,,,074,0,,/               
88,100,20494598,1,,400,20494598,16,,043,0,,,050,0,,,055,0,,,063,0,,,073,0,,/    
88,075,0,,,270,20494598,1,,470,20494598,16,/                                    
49,81978392,4/                                                                  
03,465518046,USD,010,4533621,,,015,4533621,,,045,4533621,,,040,4533621,,/       
88,072,0,,,074,0,,,100,0,0,,400,0,0,,043,4548054,,,050,4539195,,,055,9280076,,/ 
88,063,0,,,073,0,,,075,0,,/                                                     
49,36501809,4/                                                                  
03,486300705,USD,010,81497302,,,015,81497302,,,045,81497302,,,040,81497302,,/   
88,072,0,,,074,0,,,100,0,0,,400,0,0,,043,78493352,,,050,77961105,,/             
88,055,55370032,,,063,0,,,073,0,,,075,0,,/                                      
49,537813697,4/                                                                 
03,486300713,USD,010,0,,,015,0,,,045,0,,,040,0,,,072,0,,,074,0,,,100,0,0,/      
88,400,0,0,,043,0,,,050,0,,,055,0,,,063,0,,,073,0,,,075,0,,/                    
49,0,3/                                                                         
03,496560579,USD,010,2065,,,015,2065,,,045,2065,,,040,2065,,,072,0,,,074,0,,/   
88,100,0,0,,400,0,0,,043,2311479,,,050,4884,,,055,16496874,,,063,0,,,073,0,,/   
88,075,0,,/                                                                     
49,18821497,4/                                                                  
03,496560603,USD,010,861186,,,015,0,,,045,0,,,040,0,,,072,0,,,074,0,,,100,0,0,/ 
88,400,861186,1,,043,9239740,,,050,815740,,,055,10477429,,,063,0,,,073,0,,/     
88,075,0,,,490,861186,1,/                                                       
49,23116467,4/                                                                  
03,496560629,USD,010,127756,,,015,127756,,,045,127756,,,040,127756,,,072,0,,/   
88,074,0,,,100,0,0,,400,0,0,,043,145322,,,050,127756,,,055,81113062,,,063,0,,/  
88,073,0,,,075,0,,/                                                             
49,81897164,4/                                                                  
03,496560637,USD,010,48272041,,,015,58823616,,,045,58823616,,,040,58823616,,/   
88,072,0,,,074,0,,,100,18700953,4,,400,8149378,3,,043,9562674,,,050,25199061,,/ 
88,055,211295453,,,063,0,,,073,0,,,075,0,,,190,18700953,4,,490,8149378,3,/      
49,524500739,4/                                                                 
03,496560645,USD,010,26500,,,015,26500,,,045,26500,,,040,26500,,,072,0,,/       
88,074,0,,,100,0,0,,400,0,0,,043,2146307,,,050,30166,,,055,204846039,,,063,0,,/ 
88,073,0,,,075,0,,/                                                             
49,207128512,4/                                                                 
03,496560652,USD,010,46495932,,,015,54155657,,,045,54155657,,,040,54155657,,/   
88,072,0,,,074,0,,,100,8149378,3,,400,489653,7,,043,24527530,,,050,32774312,,/  
88,055,18332984,,,063,0,,,073,0,,,075,0,,,190,8149378,3,,470,2500,3,/           
88,490,487153,4,/                                                               
49,301875791,5/                                                                 
03,496560660,USD,010,14183798,,,015,15775608,,,045,15775608,,,040,15775608,,/   
88,072,0,,,074,0,,,100,3073597,4,,400,1481787,2,,043,21461463,,,050,19272865,,/ 
88,055,62402371,,,063,0,,,073,0,,,075,0,,,190,2809761,2,,210,263836,2,/         
88,490,1481787,2,/                                                              
49,173758089,5/                                                                 
03,496560678,USD,010,50999914,,,015,30833278,,,045,30833278,,,040,30833278,,/   
88,072,0,,,074,0,,,100,961186,2,,400,21127822,3,,043,59325592,,,050,47929933,,/ 
88,055,1369092692,,,063,0,,,073,0,,,075,0,,,190,961186,2,,490,21127822,3,/      
49,1664025981,4/                                                                
03,496560686,USD,010,800,,,015,800,,,045,800,,,040,800,,,072,0,,,074,0,,/       
88,100,0,0,,400,0,0,,043,1220698,,,050,800,,,055,32181874,,,063,0,,,073,0,,/    
88,075,0,,/                                                                     
49,33406572,4/                                                                  
03,528290955,USD,010,11132856,,,015,11132856,,,045,11132856,,,040,11132856,,/   
88,072,0,,,074,0,,,100,0,0,,400,0,0,,043,13262620,,,050,11903355,,/             
88,055,7577064,,,063,0,,,073,0,,,075,0,,/                                       
49,77274463,4/                                                                  
03,528308153,USD,010,14019150,,,015,14506902,,,045,13188102,,,040,14506902,,/   
88,072,1318800,,,074,0,,,100,487752,1,,400,0,0,,043,12051240,,,050,15919268,,/  
88,055,9334497,,,063,1318800,,,073,0,,,075,0,,,140,487752,1,/                   
49,97139165,4/                                                                  
03,528308161,USD,010,198246573,,,015,222433319,,,045,220434819,,/               
88,040,222433319,,,072,1998500,,,074,0,,,100,24186746,7,,400,0,0,/              
88,043,239065347,,,050,390669139,,,055,289069285,,,063,1998500,,,073,0,,/       
88,075,0,,,140,23169172,5,,190,1017574,2,/                                      
49,1834722293,5/                                                                
03,528308179,USD,010,313530830,,,015,313486500,,,045,313481500,,/               
88,040,313486500,,,072,5000,,,074,0,,,100,5000,1,,400,49330,3,,043,250563455,,/ 
88,050,263352103,,,055,326311773,,,063,5000,,,073,0,,,075,0,,,170,5000,1,/      
88,470,49330,3,/                                                                
49,2094331321,5/                                                                
03,581947616,USD,010,0,,,015,0,,,045,0,,,040,0,,,072,0,,,074,0,,,100,681363,1,/ 
88,400,681363,3,,043,0,,,050,0,,,055,-9677,,,063,0,,,073,0,,,075,0,,/           
88,270,681363,1,,470,681363,3,/                                                 
49,2715775,4/                                                                   
03,581947624,USD,010,0,,,015,0,,,045,0,,,040,0,,,072,0,,,074,0,,,100,0,0,/      
88,400,0,0,,043,-38384,,,050,0,,,055,-7676,,,063,0,,,073,0,,,075,0,,/           
49,-46060,3/                                                                    
03,581947632,USD,010,0,,,015,0,,,045,0,,,040,0,,,072,0,,,074,0,,/               
88,100,10481851,1,,400,10481851,52,,043,0,,,050,0,,,055,0,,,063,0,,,073,0,,/    
88,075,0,,,270,10481851,1,,470,10481851,52,/                                    
49,41927404,4/                                                                  
03,937752582,USD,010,1023018280,,,015,1034018432,,,045,1034018432,,/            
88,040,1034018432,,,072,0,,,074,0,,,100,11000152,3,,400,0,0,,043,693822168,,/   
88,050,970988488,,,055,782446531,,,063,0,,,073,0,,,075,0,,,140,4625542,2,/      
88,190,6374610,1,/                                                              
49,6594331067,5/                                                                
98,21137668067,27,115/                                                          
99,21137668067,1,117/                                                           
